@article{canou2017scaling,
  title={Scaling up functional programming education: under the hood of the OCaml MOOC},
  author={Canou, Benjamin and Di Cosmo, Roberto and Henry, Gr{\'e}goire},
  journal={Proceedings of the ACM on Programming Languages},
  volume={1},
  number={ICFP},
  pages={4},
  year={2017},
  publisher={ACM}
}

@article{claessen2011quickcheck,
  title={QuickCheck: a lightweight tool for random testing of Haskell programs},
  author={Claessen, Koen and Hughes, John},
  journal={Acm sigplan notices},
  volume={46},
  number={4},
  pages={53--64},
  year={2011},
  publisher={ACM}
}